@misc{NPgaugeLecture,
  title = "The Functional Renormalization Group \& Applications to Gauge Theories and Gravity ",
  author = "Pawlowski, Jan. M. and Bonnet, J. A. and Rechenberger, Stefan and Reichert, Manuel and Wink, Nicolas",
  year = "2021",
  note = "Heidelberg University",
  howpublished = "Lecture Notes (Access currently restricted to students)"
  }
  

@thesis{Horak2019,
      author         = "Horak, Jan",
      title          = "Spectral Functions from Dyson-Schwinger Equations with Dimensional Regularization",
      year           = "2019",
      note =  "Master thesis. Heidelberg University",     
}


@thesis{Wink2020,
      author         = "Wink, Nicolas",
      title          = "Towards the spectral properties and phase structure of QCD",
      year           = "2020",
      note =  "PhD thesis. Heidelberg University.",        
}

@thesis{Cyrol2017,
      author         = "Cyrol, Anton Konrad",
      title          = "Non-perturbative QCD Correlation Funtions",
      year           = "2017",
      note =  "PhD thesis. Heidelberg University.",        
}

@article{HorakPawlowskiWink2020,
      title={Spectral functions in the $\phi^4$-theory from the spectral DSE}, 
      author={Jan Horak and Jan M. Pawlowski and Nicolas Wink},
      year={2020},
      eprint={2006.09778},
      archivePrefix={arXiv},
      primaryClass={hep-th}
}

@article{Solis2019,
   title={Quark Propagator in Minkowski Space},
   volume={60},
   ISSN={1432-5411},
   url={http://dx.doi.org/10.1007/s00601-019-1517-9},
   DOI={10.1007/s00601-019-1517-9},
   number={3},
   journal={Few-Body Systems},
   publisher={Springer Science and Business Media LLC},
   author={Solis, E. L. and Costa, C. S. R. and Luiz, V. V. and Krein, G.},
   year={2019},
   month={Jun}
}

@article{JiaPennington2017,
    author = "Jia, Shaoyang and Pennington, M.R.",
    title = "{Exact Solutions to the Fermion Propagator Schwinger-Dyson Equation in Minkowski space with on-shell Renormalization for Quenched QED}",
    eprint = "1705.04523",
    archivePrefix = "arXiv",
    primaryClass = "nucl-th",
    reportNumber = "JLAB-THY-17-2465",
    doi = "10.1103/PhysRevD.96.036021",
    journal = "Phys. Rev. D",
    volume = "96",
    number = "3",
    pages = "036021",
    year = "2017"
}

@article{CyrolPawlowskiRothkopWink2018,
    author = "Cyrol, Anton K. and Pawlowski, Jan M. and Rothkopf, Alexander and Wink, Nicolas",
    title = "{Reconstructing the gluon}",
    eprint = "1804.00945",
    archivePrefix = "arXiv",
    primaryClass = "hep-ph",
    doi = "10.21468/SciPostPhys.5.6.065",
    journal = "SciPost Phys.",
    volume = "5",
    number = "6",
    pages = "065",
    year = "2018"
}

@article{LercheVonSmekal2002,
    author = "Lerche, Christoph and von Smekal, Lorenz",
    title = "{On the infrared exponent for gluon and ghost propagation in Landau gauge QCD}",
    eprint = "hep-ph/0202194",
    archivePrefix = "arXiv",
    reportNumber = "FAU-TP3-01-11",
    doi = "10.1103/PhysRevD.65.125006",
    journal = "Phys. Rev. D",
    volume = "65",
    pages = "125006",
    year = "2002"
}

@article{FischerMaasPawlowski2008,
    author = "Fischer, Christian S. and Maas, Axel and Pawlowski, Jan M.",
    title = "{On the infrared behavior of Landau gauge Yang-Mills theory}",
    eprint = "0810.1987",
    archivePrefix = "arXiv",
    primaryClass = "hep-ph",
    doi = "10.1016/j.aop.2009.07.009",
    journal = "Annals Phys.",
    volume = "324",
    pages = "2408--2437",
    year = "2009"
}

@article{Fischer2006,
    author = "Fischer, Christian S.",
    title = "{Infrared properties of QCD from Dyson-Schwinger equations}",
    eprint = "hep-ph/0605173",
    archivePrefix = "arXiv",
    doi = "10.1088/0954-3899/32/8/R02",
    journal = "J. Phys. G",
    volume = "32",
    pages = "R253--R291",
    year = "2006"
}

@book{PeskinSchroeder1995,
    author = "Peskin, Michael E. and Schroeder, Daniel V.",
    title = "{An Introduction to Quantum Field Theory}",
    isbn = "978-0-201-50397-5",
    publisher = "Addison-Wesley",
    address = "Reading, USA",
    year = "1995"
}

@book{Georgi1999,
    author = "Georgi, Howard",
    title = "{Lie Algebras in Particle Physics}",
    edition = "2nd ed.",
    publisher = "Perseus Books",
    address = "Reading, MA",
    volume = "54",
    year = "1999"
}

@book{Zee2016,
    author = "Zee, Anthony",
    title = "{Group Theory in a Nutshell for Physicists}",
    isbn = "978-0-691-16269-0, 978-0-691-16269-0, 978-1-4008-8118-5",
    publisher = "Princeton University Press",
    address = "USA",
    year = "2016"
}

@book{Thomson2013,
    author = "Thomson, Mark",
    title = "{Modern Particle Physics}",
    isbn = "978-1-107-03426-6",
    publisher = "Cambridge University Press",
    address = "New York",
    year = "2013"
}

@misc{PawlowskiPlehnQCD,
  title = "Lectures on QCD",
  author = "Pawlowski, Jan. M. and Plehn, Tilman",
  year = "2018",
  note = "Heidelberg University",
  howpublished = "Lecture Notes (\href{https://www.thphys.uni-heidelberg.de/~pawlowski/qcd_17-18/qcd-script/QCD.pdf}{Link}) "
  }
  
  @article{Lowdon2018,
    author = "Lowdon, Peter",
    title = "{On the analytic structure of QCD propagators}",
    eprint = "1811.03037",
    archivePrefix = "arXiv",
    primaryClass = "hep-th",
    doi = "10.22323/1.336.0050",
    journal = "PoS",
    volume = "Confinement2018",
    pages = "050",
    year = "2018"
}

@article{Leibbrandt1975,
    author = "Leibbrandt, George",
    title = "{Introduction to the Technique of Dimensional Regularization}",
    reportNumber = "GUELPH-1975-25",
    doi = "10.1103/RevModPhys.47.849",
    journal = "Rev. Mod. Phys.",
    volume = "47",
    pages = "849",
    year = "1975"
}

@article{FormTracer,
title = "FormTracer. A Mathematica tracing package using FORM",
journal = "Computer Physics Communications",
volume = "219",
pages = "346 - 352",
year = "2017",
issn = "0010-4655",
doi = "https://doi.org/10.1016/j.cpc.2017.05.024",
url = "http://www.sciencedirect.com/science/article/pii/S0010465517301662",
author = "Anton K. Cyrol and Mario Mitter and Nils Strodthoff",
}

@article{Wetterich1992,
    author = "Wetterich, Christof",
    title = "{Exact evolution equation for the effective potential}",
    eprint = "1710.05815",
    archivePrefix = "arXiv",
    primaryClass = "hep-th",
    reportNumber = "HD-THEP-92-61",
    doi = "10.1016/0370-2693(93)90726-X",
    journal = "Phys. Lett. B",
    volume = "301",
    pages = "90--94",
    year = "1993"
}

@article{Pawlowski2005,
    author = "Pawlowski, Jan M.",
    title = "{Aspects of the functional renormalisation group}",
    eprint = "hep-th/0512261",
    archivePrefix = "arXiv",
    reportNumber = "HD-THEP-05-28",
    doi = "10.1016/j.aop.2007.01.007",
    journal = "Annals Phys.",
    volume = "322",
    pages = "2831--2915",
    year = "2007"
}

@article{Dupuis2020,
    author = "Dupuis, Nicolas and Canet, L. and Eichhorn, A. and Metzner, W. and Pawlowski, J.M. and Tissier, M. and Wschebor, N.",
    title = "{The nonperturbative functional renormalization group and its applications}",
    eprint = "2006.04853",
    archivePrefix = "arXiv",
    primaryClass = "cond-mat.stat-mech",
    month = "6",
    year = "2020"
}

@article{Kallen1952,
    author = "Kallen, Gunnar",
    title = "{On the definition of the Renormalization Constants in Quantum Electrodynamics}",
    doi = "10.1007/978-3-319-00627-7_90",
    journal = "Helv. Phys. Acta",
    volume = "25",
    number = "4",
    pages = "417",
    year = "1952"
}

@article{Lehmann1954,
    author = "Lehmann, H.",
    title = "{On the Properties of propagation functions and renormalization contants of quantized fields}",
    doi = "10.1007/BF02783624",
    journal = "Nuovo Cim.",
    volume = "11",
    pages = "342--357",
    year = "1954"
}

@article{Dyson1949,
  title = {The $S$ Matrix in Quantum Electrodynamics},
  author = {Dyson, Freeman J.},
  journal = {Phys. Rev.},
  volume = {75},
  issue = {11},
  pages = {1736--1755},
  numpages = {0},
  year = {1949},
  month = {Jun},
  publisher = {American Physical Society},
  doi = {10.1103/PhysRev.75.1736},
  url = {https://link.aps.org/doi/10.1103/PhysRev.75.1736}
}

@article{Schwinger1951,
    author = "Schwinger, Julian S.",
    title = "{On the Green's functions of quantized fields. 1+2.}",
    doi = "10.1073/pnas.37.7.452",
    journal = "Proc. Nat. Acad. Sci.",
    volume = "37",
    pages = "452--455",
    year = "1951"
}

@article{AlkoferVonSmekal2000,
    author = "Alkofer, Reinhard and von Smekal, Lorenz",
    title = "{The Infrared behavior of QCD Green's functions: Confinement, dynamical symmetry breaking, and hadrons as relativistic bound states}",
    eprint = "hep-ph/0007355",
    archivePrefix = "arXiv",
    reportNumber = "UNITUE-THEP-00-09, FAU-TP3-00-8",
    doi = "10.1016/S0370-1573(01)00010-2",
    journal = "Phys. Rept.",
    volume = "353",
    pages = "281",
    year = "2001"
}

@misc{PawlowskiReichert2020,
      title={Quantum gravity: a fluctuating point of view}, 
      author={Jan M. Pawlowski and Manuel Reichert},
      year={2020},
      eprint={2007.10353},
      archivePrefix={arXiv},
      primaryClass={hep-th}
}

@misc{GaugeTheoryTong,
  title = "Lectures on Gauge Theory",
  author = "Tong, David",
  year = "2018",
  note = "University of Cambridge",
  howpublished = "Lecture Notes (\href{http://www.damtp.cam.ac.uk/user/tong/gaugetheory.html}{Link})"
  }

@article{Krein1993,
    author = "Krein, G. and Nielsen, Marina and Puff, R.D. and Wilets, L.",
    title = "{Ghost poles in the nucleon propagator: Vertex corrections and form-factors}",
    eprint = "nucl-th/9303010",
    archivePrefix = "arXiv",
    reportNumber = "IFT-P-015-93",
    doi = "10.1103/PhysRevC.47.2485",
    journal = "Phys. Rev. C",
    volume = "47",
    pages = "2485--2491",
    year = "1993"
}

@article{Brown1968,
    author = "Brown, W.D. and Puff, R.D. and Wilets, L.",
    title = "{Meson Dynamics and the Nuclear Many-Body Problem}",
    reportNumber = "RLO-1388-573",
    doi = "10.1103/PhysRevC.2.331",
    journal = "Phys. Rev. C",
    volume = "2",
    pages = "331--349",
    year = "1970"
}

@article{PelaezTissierWschebor2014,
    author = "Pel\'aez, M. and Tissier, M. and Wschebor, N.",
    title = "{Two-point correlation functions of QCD in the Landau gauge}",
    eprint = "1407.2005",
    archivePrefix = "arXiv",
    primaryClass = "hep-th",
    doi = "10.1103/PhysRevD.90.065031",
    journal = "Phys. Rev. D",
    volume = "90",
    pages = "065031",
    year = "2014"
}

@article{BonannoDenzPawlowskiReichert2021,
    author = "Bonanno, Alfio and Denz, Tobias and Pawlowski, Jan M. and Reichert, Manuel",
    title = "{Reconstructing the graviton}",
    eprint = "2102.02217",
    archivePrefix = "arXiv",
    primaryClass = "hep-th",
    month = "2",
    year = "2021"
}

@article{GaoPapavassiliouPawlowski2021,
    author = "Gao, Fei and Papavassiliou, Joannis and Pawlowski, Jan M.",
    title = "{Fully coupled functional equations for the quark sector of QCD}",
    eprint = "2102.13053",
    archivePrefix = "arXiv",
    primaryClass = "hep-ph",
    month = "2",
    year = "2021"
}

@misc{Mathematica,
  author = {Wolfram Research Inc.},
  title = {Mathematica, {V}ersion 12.2},
  url = {https://www.wolfram.com/mathematica},
  note = {Champaign, IL, 2020}
}

@book{ItzyksonZuber1980
,
    author = "Itzykson, C. and Zuber, J. B.",
    title = "{Quantum Field Theory}",
    isbn = "978-0-486-44568-7",
    publisher = "McGraw-Hill",
    address = "New York",
    series = "International Series In Pure and Applied Physics",
    year = "1980"
}

@article{CyrolFisterMitterPawlowskiStrodthoff2016,
    author = "Cyrol, Anton K. and Fister, Leonard and Mitter, Mario and Pawlowski, Jan M. and Strodthoff, Nils",
    title = "{Landau gauge Yang-Mills correlation functions}",
    eprint = "1605.01856",
    archivePrefix = "arXiv",
    primaryClass = "hep-ph",
    doi = "10.1103/PhysRevD.94.054005",
    journal = "Phys. Rev. D",
    volume = "94",
    number = "5",
    pages = "054005",
    year = "2016"
}

@article{QMeS2021,
    author = "Pawlowski, Jan M. and Schneider, Coralie S. and Wink, Nicolas",
    title = "{QMeS-Derivation: Mathematica package for the symbolic derivation of functional equations}",
    eprint = "2102.01410",
    archivePrefix = "arXiv",
    primaryClass = "hep-ph",
    month = "2",
    year = "2021"
}

@book{Muta2010,
    author = "Muta, Taizo",
    title = "{Foundations of Quantum Chromodynamics: An Introduction to Perturbative Methods in Gauge Theories, (3rd ed.)}",
    edition = "3rd",
    isbn = "978-981-279-353-9",
    publisher = "World Scientific",
    address = "Hackensack, N.J.",
    series = "World scientific Lecture Notes in Physics",
    volume = "78",
    year = "2010"
}

@article{Brambilla2014,
    author = "Brambilla, N. and others",
    title = "{QCD and Strongly Coupled Gauge Theories: Challenges and Perspectives}",
    eprint = "1404.3723",
    archivePrefix = "arXiv",
    primaryClass = "hep-ph",
    reportNumber = "CCQCN-2014-24, CCTP-2014-5, CERN-PH-TH-2014-033, DF-1-2014, HIP-2014-03-TH, ITEP-LAT-2014-1, JLAB-THY-14-1865, MITP-14-016, NT@UW-14-04, RUB-TPII-01-2014, TUM-EFT-46-14, FERMILAB-PUB-14-024-T, LLNL-JRNL-651216, UWTHPH-2014-006",
    doi = "10.1140/epjc/s10052-014-2981-5",
    journal = "Eur. Phys. J. C",
    volume = "74",
    number = "10",
    pages = "2981",
    year = "2014"
}


@article{YangMills1954,
  title = {Conservation of Isotopic Spin and Isotopic Gauge Invariance},
  author = {Yang, C. N. and Mills, R. L.},
  journal = {Phys. Rev.},
  volume = {96},
  issue = {1},
  pages = {191--195},
  numpages = {0},
  year = {1954},
  month = {Oct},
  publisher = {American Physical Society},
  doi = {10.1103/PhysRev.96.191},
  url = {https://link.aps.org/doi/10.1103/PhysRev.96.191}
}


@article{Philipsen2007,
    author = "Philipsen, Owe",
    editor = "Gattringer, C. and Lang, C. B.",
    title = "{Lattice QCD at finite temperature and density}",
    eprint = "0708.1293",
    archivePrefix = "arXiv",
    primaryClass = "hep-lat",
    reportNumber = "MS-TP-07-22",
    doi = "10.1140/epjst/e2007-00376-3",
    journal = "Eur. Phys. J. ST",
    volume = "152",
    pages = "29--60",
    year = "2007"
}

@article{deForcrand2010,
    author = "de Forcrand, Philippe",
    editor = "Liu, Chuan and Zhu, Yu",
    title = "{Simulating QCD at finite density}",
    eprint = "1005.0539",
    archivePrefix = "arXiv",
    primaryClass = "hep-lat",
    reportNumber = "CERN-PH-TH-2010-090",
    doi = "10.22323/1.091.0010",
    journal = "PoS",
    volume = "LAT2009",
    pages = "010",
    year = "2009"
}

@article{EllisGeorgiMachacekPolitzerRoss1979,
title = {Perturbation theory and the parton model in QCD},
journal = {Nuclear Physics B},
volume = {152},
number = {2},
pages = {285-329},
year = {1979},
issn = {0550-3213},
doi = {https://doi.org/10.1016/0550-3213(79)90105-6},
url = {https://www.sciencedirect.com/science/article/pii/0550321379901056},
author = {R.Keith Ellis and Howard Georgi and Marie Machacek and H.David Politzer and Graham G. Ross},
}

@article{BernardGolterman1992,
    author = "Bernard, Claude W. and Golterman, Maarten F. L.",
    title = "{Chiral perturbation theory for the quenched approximation of QCD}",
    eprint = "hep-lat/9204007",
    archivePrefix = "arXiv",
    reportNumber = "WASH-U-HEP-92-60",
    doi = "10.1103/PhysRevD.46.853",
    journal = "Phys. Rev. D",
    volume = "46",
    pages = "853--857",
    year = "1992"
}

@article{AokiFodorKatzSzabo2006,
    author = "Aoki, Y. and Endrodi, G. and Fodor, Z. and Katz, S. D. and Szabo, K. K.",
    title = "{The Order of the quantum chromodynamics transition predicted by the standard model of particle physics}",
    eprint = "hep-lat/0611014",
    archivePrefix = "arXiv",
    doi = "10.1038/nature05120",
    journal = "Nature",
    volume = "443",
    pages = "675--678",
    year = "2006"
}

@article{MitterPawlowskiStrodthoff2014,
    author = "Mitter, Mario and Pawlowski, Jan M. and Strodthoff, Nils",
    title = "{Chiral symmetry breaking in continuum QCD}",
    eprint = "1411.7978",
    archivePrefix = "arXiv",
    primaryClass = "hep-ph",
    doi = "10.1103/PhysRevD.91.054035",
    journal = "Phys. Rev. D",
    volume = "91",
    pages = "054035",
    year = "2015"
}

@article{BraunHaasMarhauserPawlowski2009,
    author = "Braun, Jens and Haas, Lisa M. and Marhauser, Florian and Pawlowski, Jan M.",
    title = "{Phase Structure of Two-Flavor QCD at Finite Chemical Potential}",
    eprint = "0908.0008",
    archivePrefix = "arXiv",
    primaryClass = "hep-ph",
    doi = "10.1103/PhysRevLett.106.022002",
    journal = "Phys. Rev. Lett.",
    volume = "106",
    pages = "022002",
    year = "2011"
}

@article{Lowdon2015,
    author = "Lowdon, Peter",
    title = "{Spectral density constraints in quantum field theory}",
    eprint = "1504.00486",
    archivePrefix = "arXiv",
    primaryClass = "hep-th",
    reportNumber = "ZU-TH-06-15",
    doi = "10.1103/PhysRevD.92.045023",
    journal = "Phys. Rev. D",
    volume = "92",
    number = "4",
    pages = "045023",
    year = "2015"
}

@article{FaddeevPopov1967,
    author = "Faddeev, L. D. and Popov, V. N.",
    editor = "Hsu, Jong-Ping and Fine, D.",
    title = "{Feynman Diagrams for the Yang-Mills Field}",
    doi = "10.1016/0370-2693(67)90067-6",
    journal = "Phys. Lett. B",
    volume = "25",
    pages = "29--30",
    year = "1967"
}

@article{Gribov1978,
    author = "Gribov, V. N.",
    editor = "Nyiri, J.",
    title = "{Quantization of Nonabelian Gauge Theories}",
    reportNumber = "LENINGRAD-77-367",
    doi = "10.1016/0550-3213(78)90175-X",
    journal = "Nucl. Phys. B",
    volume = "139",
    pages = "1",
    year = "1978"
}

@article{PDG2020,
    author = "Zyla, P. A. and others",
    collaboration = "Particle Data Group",
    title = "{Review of Particle Physics}",
    doi = "10.1093/ptep/ptaa104",
    journal = "PTEP",
    volume = "2020",
    number = "8",
    pages = "083C01",
    year = "2020"
}

@article{GrossWilczek1973,
  title = {Ultraviolet Behavior of Non-Abelian Gauge Theories},
  author = {Gross, David J. and Wilczek, Frank},
  journal = {Phys. Rev. Lett.},
  volume = {30},
  issue = {26},
  pages = {1343--1346},
  numpages = {0},
  year = {1973},
  month = {Jun},
  publisher = {American Physical Society},
  doi = {10.1103/PhysRevLett.30.1343},
  url = {https://link.aps.org/doi/10.1103/PhysRevLett.30.1343}
}

@article{Politzer1973,
  title = {Reliable Perturbative Results for Strong Interactions?},
  author = {Politzer, H. David},
  journal = {Phys. Rev. Lett.},
  volume = {30},
  issue = {26},
  pages = {1346--1349},
  numpages = {0},
  year = {1973},
  month = {Jun},
  publisher = {American Physical Society},
  doi = {10.1103/PhysRevLett.30.1346},
  url = {https://link.aps.org/doi/10.1103/PhysRevLett.30.1346}
}

@article{BarriosGraceyPelaezReinosa2021,
    author = "Barrios, Nahuel and Gracey, John A. and Pel\'aez, Marcela and Reinosa, Urko",
    title = "{Precision QCD propagators with dynamical quarks from the Curci-Ferrari model}",
    eprint = "2103.16218",
    archivePrefix = "arXiv",
    primaryClass = "hep-th",
    month = "3",
    year = "2021"
}

@article{HorakPapavassiliouPawlowskiWink2021
,
    author = "Horak, Jan and Papavassiliou, Joannis and Pawlowski, Jan M. and Wink, Nicolas",
    title = "{Ghost spectral function from the spectral Dyson-Schwinger equation}",
    eprint = "2103.16175",
    archivePrefix = "arXiv",
    primaryClass = "hep-th",
    month = "3",
    year = "2021"
}

@article{PassarinoVeltman1978,
    author = "Passarino, G. and Veltman, M. J. G.",
    title = "{One Loop Corrections for $e^+$ $e^-$ Annihilation into $\mu^+$ $\mu^-$ in the Weinberg Model}",
    reportNumber = "Print-79-0284 (UTRECHT)",
    doi = "10.1016/0550-3213(79)90234-7",
    journal = "Nucl. Phys. B",
    volume = "160",
    pages = "151--207",
    year = "1979"
}

@article{Parappilly2005,
    author = "Parappilly, Maria B. and Bowman, Patrick O. and Heller, Urs M. and Leinweber, Derek B. and Williams, Anthony G. and Zhang, J. B",
    title = "{Scaling behavior of quark propagator in full QCD}",
    eprint = "hep-lat/0511007",
    archivePrefix = "arXiv",
    reportNumber = "ADP-05-11-T621",
    doi = "10.1103/PhysRevD.73.054504",
    journal = "Phys. Rev. D",
    volume = "73",
    pages = "054504",
    year = "2006"
}

@article{Parappilly2006,
    author = "Parappilly, Maria B. and Bowman, Patrick O. and Heller, Urs M. and Leinweber, Derek B and Williams, Anthony G. and Zhang, J. B.",
    editor = "Barnes, Peter D. and Cooper, Martin D. and Eisenstein, Robert A. and van Hecke, Hubert and Stephenson, Gerard J.",
    title = "{Effects of dynamical sea-quarks on quark and gluon propagators}",
    eprint = "hep-lat/0601010",
    archivePrefix = "arXiv",
    doi = "10.1063/1.2220236",
    journal = "AIP Conf. Proc.",
    volume = "842",
    number = "1",
    pages = "237--239",
    year = "2006"
}

@article{Matsubara1955,
    author = "Matsubara, Takeo",
    title = "{A New Approach to Quantum Statistical Mechanics}",
    doi = "10.1143/PTP.14.351",
    journal = "Prog. Theor. Phys.",
    volume = "14",
    pages = "351--378",
    year = "1955"
}

@article{AyikNorenbergWolschin1977,
    author = "Ayik, S. and Norenberg, W. and Wolschin, Georg",
    title = "{Microscopic transport theory of heavy ion collisions}",
    doi = "10.1007/BF01408256",
    journal = "Z. Phys. A",
    volume = "286",
    pages = "271--279",
    year = "1978"
}

@article{Xu2019,
    author = "Xu, Jun",
    title = "{Transport approaches for the description of intermediate-energy heavy-ion collisions}",
    eprint = "1904.00131",
    archivePrefix = "arXiv",
    primaryClass = "nucl-th",
    doi = "10.1016/j.ppnp.2019.02.009",
    journal = "Prog. Part. Nucl. Phys.",
    volume = "106",
    pages = "312--359",
    year = "2019"
}

@article{vonSmekalAlkoferHauck1997,
    author = "von Smekal, Lorenz and Alkofer, Reinhard and Hauck, Andreas",
    title = "{The Infrared behavior of gluon and ghost propagators in Landau gauge QCD}",
    eprint = "hep-ph/9705242",
    archivePrefix = "arXiv",
    reportNumber = "ANL-PHY-8683-TH-97, UNITU-THEP-7-1997, TU-GK-97-002",
    doi = "10.1103/PhysRevLett.79.3591",
    journal = "Phys. Rev. Lett.",
    volume = "79",
    pages = "3591--3594",
    year = "1997"
}

